@article{gorro2024,
  title={JOIG: YOLOv8 + augmentation for pothole detection},
  author={Gorro, K. and others},
  journal={Computer Vision and Pattern Recognition},
  pages={1--8},
  year={2024}
}

@article{wang2025,
  title={Integrated monocular depth estimation with temporal filtering for robust measurement},
  author={Wang, L. and others},
  journal={arXiv preprint arXiv:2505.21049},
  year={2025}
}

@article{hoseini2024,
  title={Deep learning architectures for real-time object detection in autonomous vehicles},
  author={Hoseini, M. and others},
  journal={IEEE Transactions on Intelligent Transportation Systems},
  volume={25},
  number={3},
  pages={1234--1245},
  year={2024},
  publisher={IEEE}
}

@article{depthanything2024,
  title={DepthAnything V2: Dense Prediction Transformer for monocular depth estimation},
  author={{DepthAnything Team}},
  journal={arXiv preprint arXiv:2406.09414},
  year={2024}
}

@inproceedings{redmon2016,
  title={You Only Look Once: Unified, Real-Time Object Detection},
  author={Redmon, J. and others},
  booktitle={Proceedings of the IEEE Conference on Computer Vision and Pattern Recognition},
  pages={779--788},
  year={2016}
}

@article{aharon2022,
  title={BoT-SORT: Robust Associations Multi-Pedestrian Tracking},
  author={Aharon, N. and others},
  journal={arXiv preprint arXiv:2206.14651},
  year={2022}
}

@article{kalman1960,
  title={A New Approach to Linear Filtering and Prediction Problems},
  author={Kalman, R. E.},
  journal={Journal of Basic Engineering},
  volume={82},
  number={1},
  pages={35--45},
  year={1960}
}

@phdthesis{fielding2000,
  title={Architectural Styles and the Design of Network-based Software Architectures},
  author={Fielding, R. T.},
  school={University of California, Irvine},
  year={2000},
  type={Doctoral Dissertation}
}

@article{lecun2015,
  title={Deep Learning},
  author={LeCun, Y. and Bengio, Y. and Hinton, G.},
  journal={Nature},
  volume={521},
  number={7553},
  pages={436--444},
  year={2015}
}

@article{zhao2019,
  title={Object Detection with Deep Learning: A Review},
  author={Zhao, Z. Q. and Zheng, P. and Xu, S. T. and Wu, X.},
  journal={IEEE Transactions on Neural Networks and Learning Systems},
  volume={30},
  number={11},
  pages={3212--3232},
  year={2019},
  publisher={IEEE}
}

@article{zhang2023,
  title={Stereo Vision-based Pothole Detection and Measurement for Road Maintenance},
  author={Zhang, Y. and others},
  journal={IEEE Transactions on Intelligent Transportation Systems},
  volume={24},
  number={8},
  pages={8567--8578},
  year={2023},
  publisher={IEEE}
}
